<record><leader>00000cas a22000007a 4500</leader><controlfield tag="001">8807300</controlfield><controlfield tag="008">820925d18361839hiuwr ne      0    0eng  </controlfield><controlfield tag="009">466</controlfield><datafield ind1=" " ind2=" " tag="010"><subfield code="a">sn 82014679 </subfield></datafield><datafield ind1=" " ind2=" " tag="040"><subfield code="a">DLC</subfield><subfield code="b">eng</subfield><subfield code="c">DLC</subfield><subfield code="d">NPX</subfield><subfield code="d">HWN</subfield><subfield code="d">DLC</subfield><subfield code="d">HWN</subfield><subfield code="d">NPH</subfield><subfield code="d">MGN</subfield><subfield code="d">CNK</subfield><subfield code="d">OCL</subfield><subfield code="d">KRTAS</subfield><subfield code="d">GBVCP</subfield><subfield code="d">UKMGB</subfield><subfield code="d">OCLCO</subfield><subfield code="d">OCLCF</subfield></datafield><datafield ind1=" " ind2=" " tag="015"><subfield code="a">012465194</subfield><subfield code="2">dnb</subfield></datafield><datafield ind1="7" ind2=" " tag="016"><subfield code="a">433720-7</subfield><subfield code="2">DE-600</subfield></datafield><datafield ind1="7" ind2=" " tag="016"><subfield code="a">013917123</subfield><subfield code="2">Uk</subfield></datafield><datafield ind1="7" ind2=" " tag="016"><subfield code="a">012465194</subfield><subfield code="2">de-101</subfield></datafield><datafield ind1="7" ind2=" " tag="016"><subfield code="a">4337207</subfield><subfield code="2">de-600</subfield></datafield><datafield ind1="1" ind2=" " tag="029"><subfield code="a">AU@</subfield><subfield code="b">000002967766</subfield></datafield><datafield ind1="1" ind2=" " tag="029"><subfield code="a">GBVCP</subfield><subfield code="b">167240056</subfield></datafield><datafield ind1=" " ind2=" " tag="042"><subfield code="a">msc</subfield></datafield><datafield ind1=" " ind2=" " tag="043"><subfield code="a">n-us-hi</subfield></datafield><datafield ind1="0" ind2="0" tag="050"><subfield code="a">Newspaper 7553</subfield></datafield><datafield ind1="0" ind2="0" tag="245"><subfield code="a">Sandwich Island gazette and journal of commerce.</subfield></datafield><datafield ind1="0" ind2="3" tag="246"><subfield code="a">Sandwich Island gazette &amp; journal of commerce</subfield><subfield code="f">Aug. 5, 1837-July 27, 1839</subfield></datafield><datafield ind1="1" ind2="3" tag="246"><subfield code="a">S. Island gazette</subfield></datafield><datafield ind1="1" ind2="3" tag="246"><subfield code="a">S.I. gazette and journal of commerce</subfield></datafield><datafield ind1=" " ind2=" " tag="260"><subfield code="a">Honolulu [Oahu] Hawaii :</subfield><subfield code="b">Mackinsosh &amp; Co.,</subfield><subfield code="c">1836-1839.</subfield></datafield><datafield ind1=" " ind2=" " tag="300"><subfield code="a">3 v. ;</subfield><subfield code="c">39 cm.</subfield></datafield><datafield ind1=" " ind2=" " tag="310"><subfield code="a">Weekly</subfield></datafield><datafield ind1="0" ind2=" " tag="362"><subfield code="a">Vol. 1, no. 1 (July 30, 1836)- v. 3, no. 52 (July 27, 1839).</subfield></datafield><datafield ind1=" " ind2=" " tag="500"><subfield code="a">Published as: Sandwich Island gazette &amp; journal of commerce, Aug, 5, 1837-July 27, 1839.</subfield></datafield><datafield ind1=" " ind2=" " tag="500"><subfield code="a">Publishers: S.D. Mackintosh &amp; Nelson Hall, 1836; Mackintosh &amp; Co., 1837-1838; S.D. Mackintosh, &lt;1838&gt;.</subfield></datafield><datafield ind1=" " ind2=" " tag="500"><subfield code="a">Printer: R.J. Howard, &lt;1839&gt;.</subfield></datafield><datafield ind1=" " ind2=" " tag="500"><subfield code="a">Editor: S.D. Mackintosh, 1836-1838.</subfield></datafield><datafield ind1=" " ind2=" " tag="500"><subfield code="a">Established in opposition to the government's policy concerning Catholic missionaries. Cf. Bibl. of the Hawaiian Is., 1869.</subfield></datafield><datafield ind1=" " ind2=" " tag="515"><subfield code="a">Not published July 29, 1837.</subfield></datafield><datafield ind1=" " ind2="0" tag="651"><subfield code="a">Hawaii</subfield><subfield code="v">Newspapers.</subfield></datafield><datafield ind1=" " ind2="7" tag="655"><subfield code="a">Newspapers.</subfield><subfield code="2">fast</subfield><subfield code="0">(OCoLC)fst01423814</subfield></datafield><datafield ind1=" " ind2="7" tag="651"><subfield code="a">Hawaii.</subfield><subfield code="2">fast</subfield><subfield code="0">(OCoLC)fst01208724</subfield></datafield><datafield ind1="1" ind2=" " tag="700"><subfield code="a">Mackintosh, Stephen D.</subfield></datafield><datafield ind1=" " ind2=" " tag="752"><subfield code="a">United States</subfield><subfield code="b">Hawaii</subfield><subfield code="c">Honolulu</subfield><subfield code="d">Honolulu.</subfield></datafield><datafield ind1="0" ind2="0" tag="785"><subfield code="t">Sandwich Island mirror &amp; commercial gazette</subfield><subfield code="w">(DLC)sn 85047120</subfield><subfield code="w">(OCoLC)12049159</subfield></datafield><datafield ind1=" " ind2=" " tag="938"><subfield code="a">Kirtas Technologies, Inc.</subfield><subfield code="b">KRTS</subfield><subfield code="n">736040</subfield></datafield></record>